2308 3083
53 128 55 130 v
138 86 177 151 Vl
473 99 481 104 ·’
521 98 731 162 uterssasarro

75 240 80 243 ¹
140 211 221 290 Quid
231 208 336 269 multa?
354 224 431 292 num,
445 208 548 283 quaeso,
558 210 613 269 huc
627 210 709 268 effato
717 207 872 269 firmiorem
882 207 963 270 reddi
971 210 1120 272 credamus

134 305 246 358 ,eurum
256 284 434 357 sententiam,
452 282 503 357 qui
515 284 623 356 ludaeos
638 284 666 343 in
681 285 823 344 seruorum
839 284 939 357 familia
957 286 1120 345 architricli-

137 365 197 423 nus
211 360 277 418 olim
296 356 436 431 hahuisse,
471 358 665 432 contendunt,
676 360 707 420 ,st
724 378 835 435 quoque
847 359 876 418 in
894 359 942 417 illo
957 360 1126 420 architricli-

143 456 212 496 num
240 434 270 503 in
293 431 402 506 losephi
421 431 553 502 ministris
574 433 732 510 numerari,
756 434 864 508 detur?
891 437 1013 494 Tantum
1033 435 1120 510 abest,

142 523 173 570 vt
183 510 221 584 id,
231 505 389 583 persuaderi
400 506 483 582 mihi,
494 507 596 585 patiar,
615 520 647 568 vt
661 508 885 584 architriclinum,
905 507 1016 568 saeuius
1032 511 1117 569 etiarn

145 584 253 645 mentio
267 582 401 655 ibisacta,
423 582 498 656 apud
516 584 671 663 Aegyptius
686 584 779 660 potius
795 584 824 642 in
834 585 888 644 'vsu
901 583 994 659 fuisse,
1013 584 1125 644 tamdiu,

144 660 275 733 credam,
295 656 426 731 quamdiu
438 664 562 734 certum,
580 660 702 734 opinor,
723 659 777 718 else
788 669 817 717 et
829 662 1020 734 exploratum,
1047 659 1119 718 losess

142 737 251 810 phum,
274 732 367 806 quoad
389 741 536 792 externum
555 732 622 792 vitee
641 736 746 794 cultum
761 734 1007 808 spectamus,non
1032 734 1120 793 iudai⁴

145 810 186 870 uis
199 826 212 883 ς
241 807 290 867 sed
308 806 469 885 aegyptiacis
493 807 591 886 ritibus
616 819 645 875 et
665 808 792 868 institutis
810 820 870 868 tum
893 807 996 879 vixisse.
1045 811 1120 867 Haec

66 918 68 923 ·
145 897 209 944 tam
224 880 365 942 manifesta
383 881 459 957 sunt,
476 883 628 943 vtr'naiore
646 886 711 942 luce
730 883 777 947 vix
794 894 901 957 egeant.
943 882 1119 960 Quidveru?

146 961 167 1017 st
180 957 241 1032 quis
257 976 292 1035 ex
305 974 395 1032 regum
410 959 499 1032 primu
519 958 584 1015 libro
595 959 639 1031 l),
659 978 694 1017 ex
709 959 741 1017 iis
754 957 929 1031 nuiitinatim,
949 975 1014 1030 quae
1031 957 1071 1015 ibi
1082 957 1131 1027 de,

144 1030 300 1097 Salomonis
314 1030 404 1089 aulico
418 1041 447 1089 et
456 1031 726 1107 magnificentissimo
744 1032 874 1105 adparatu
884 1033 1030 1108 habentur,
1053 1051 1119 1105 pru·

141 1106 269 1167 'babilem
281 1104 576 1178 quodammodureddi
593 1127 691 1185 eur-um
709 1118 788 1181 putet
801 1106 991 1178 sententiam,
1011 1106 1058 1181 qui
1080 1105 1121 1163 di-

143 1182 237 1241 uitum
248 1180 409 1239 Iudaeorum
422 1181 529 1240 aedibus
539 1181 737 1240 architriclinus
749 1181 815 1239 olim
831 1181 903 1239 haud
913 1179 1038 1252 defuisse,
1050 1199 1118 1239 cun-

143 1255 282 1315 tendunt?
302 1254 443 1326 Credant,
462 1255 509 1326 qui
521 1256 623 1329 uelint,
651 1258 827 1329 Salomonem
839 1254 867 1312 in
881 1256 1024 1312 seruorum
1039 1255 1118 1312 sami-

143 1331 180 1390 lia
193 1325 394 1390 architriclinus
405 1328 545 1400 habuisse,
564 1328 677 1390 videant
685 1340 777 1387 tamen
786 1330 873 1401 strnul,
891 1327 1001 1401 partim,
1014 1329 1118 1388 nesen-
1148 1328 1149 1332 ’

141 1404 240 1465 tentiae
246 1401 328 1460 huius
339 1399 426 1459 sidem
433 1402 610 1474 poscentibus
623 1402 789 1476 satisfacturi,
796 1401 908 1461 testibus
918 1402 1116 1461 destituantur:

102 1542 104 1545 ,
145 1478 268 1555 partim,
289 1495 343 1549 qua
357 1475 481 1550 ratione,
508 1479 527 1535 st
550 1479 726 1536 Salomonem
736 1481 856 1552 >'quoque
873 1476 1072 1556 architriclinus
1089 1477 1119 1536 in

137 1555 191 1614 ‘sua
210 1554 271 1609 aula
286 1550 426 1624 habuisse,
447 1550 639 1626 ostenderint,
653 1572 688 1610 ex
705 1571 739 1610 eu
755 1550 918 1622 eorumdem
932 1551 1010 1609 vsurn
1021 1552 1050 1610 in
1062 1552 1119 1625 pri-

136 1626 216 1689 uatis
226 1624 347 1699 aedibus,
360 1624 389 1681 in
399 1624 536 1682 conuiuiis
551 1626 670 1684 maxime
685 1636 714 1684 et
723 1626 751 1683 in
766 1625 854 1699 epulis
867 1622 1045 1699 nuptialibus,
1058 1626 1120 1699 pus-

144 1704 197 1761 smt
211 1701 336 1757 efficere.
374 1702 419 1756 De
432 1698 476 1755 his
490 1699 580 1772 enim,
601 1719 667 1758 rnun
678 1701 713 1758 de
725 1699 802 1771 regio
813 1698 934 1757 ditissimi
948 1699 1030 1756 huius
1042 1699 1119 1772 prin*-

143 1775 214 1849 cipis
237 1773 386 1829 coenaculo
404 1771 665 1833 etministrantium
688 1771 727 1832 ibi
745 1772 841 1847 turba,
861 1771 1022 1835 ,sermonem
1045 1773 1118 1850 elle,

142 1868 188 1910 res
205 1847 261 1924 ipsa
272 1845 365 1916 ducet.
536 1850 537 1853 ’
608 1913 657 1980 ΠΙ
1087 1855 1089 1857 ’

179 2065 181 2069 ,
237 2012 341 2070 Hanc
363 2028 448 2084 quum
467 2010 505 2069 ita
518 2010 583 2083 smt,
607 2007 666 2084 alii,
690 2007 816 2068 nostrum
832 2008 945 2067 effatum
959 2027 996 2068 ex
1009 2007 1118 2069 ebraeu'-

144 2103 208 2145 rum
226 2085 434 2156 antiquitatibus
451 2082 626 2155 illustraturi,
648 2083 683 2140 ad
696 2083 773 2157 „anos
789 2084 862 2155 quast
883 2084 974 2140 sontes
1001 2086 1133 2157 abeunti*

138 2158 299 2234 Principem
312 2159 341 2215 in
356 2158 399 2228 his
408 2160 503 2216 lucum
511 2167 589 2234 tenet
602 2155 772 2228 doctissimus
797 2175 912 2215 manu.
933 2167 1114 2216 ricaredu-

143 2251 208 2294 uvs
219 2242 277 2306 nr),
300 2231 380 2291 cuius
395 2234 497 2308 verba,
524 2230 737 2306 dignacenseu,
755 2248 818 2304 quae
830 2230 875 2290 hic
890 2233 1031 2306 legantur:
1047 2232 1118 2291 nun

142 2330 204 2388 ego,
227 2306 325 2380 inquit,
345 2308 519 2365 intellexerim
535 2325 591 2372 earne
606 2306 697 2381 fnisse,
715 2311 761 2385 qni
776 2309 857 2379 instar
865 2307 991 2380 sacellani
1019 2316 1117 2383 enatet

140 2387 249 2464 gratier
261 2385 311 2460 egit
326 2394 350 2439 et
367 2382 548 2444 benedictiones
557 2386 755 2459 pronuntiauit,
779 2385 808 2443 in
821 2380 915 2461 talibus
930 2382 1118 2441 conuenisse:

294 2471 296 2475 ’
530 2489 532 2492 ·
631 2478 632 2481 ’
667 2476 669 2480 ’
743 2493 744 2497 1
769 2461 784 2473 ”
967 2462 968 2466 ’
1062 2459 1118 2517 lert

172 2586 196 2646 l)
218 2585 265 2645 ιαμ
286 2601 337 2641 1111,
358 2601 378 2644 7.
410 2585 474 2631 Adde
505 2600 613 2632 avcvsr.
645 2582 728 2630 surumc
756 2583 864 2635 uerrerab„
892 2599 926 2630 io,
951 2586 1025 2645 tatu.
1054 2598 1116 2632 aaut·

146 2662 300 2693 cannarum
317 2649 341 2692 iu
352 2648 389 2693 den
402 2646 504 2706 biblffchen
520 2648 615 2705 watersse·
647 2661 737 2693 arenas.
800 2666 801 2670 ¹
852 2662 859 2690 τ
872 2663 876 2678 ²
952 2660 971 2666 ⁴⁴

138 2709 246 2771 churrgen,
275 2720 331 2767 part.
357 2724 419 2758 1111.¹
435 2725 456 2771 p.
487 2711 535 2770 362.
564 2709 614 2757 edit.
677 2713 713 2767 m)
728 2708 782 2753 horis
796 2705 877 2751 ebraicis
890 2721 910 2751 et
926 2705 1115 2757 tastrrudicirinln

639 2786 721 2830 ‘eritream
733 2785 782 2817 toni.
794 2783 816 2817 11.
823 2780 911 2830 operum,
921 2787 941 2831 p.
952 2771 1002 2817 606.
