2308 3083
129 122 246 185 XXXII
511 136 722 191 orssuurnrro
743 76 744 79 Ἴ
811 166 815 178 ,

118 250 224 323 serrum
241 247 328 324 palati
337 245 395 318 fitis
415 262 473 305 cum
487 247 691 308 terrenitatibus
711 247 817 321 verrinas
838 251 932 309 rerum
943 239 1111 326 inrumpen-

130 325 299 398 rnmstaporer
311 331 343 386 et,
352 342 387 380 aaa
402 326 453 381 rste
457 326 592 398 pulmenta
604 326 709 383 condita
711 325 775 396 stat,
793 327 927 399 experitur
936 341 1063 402 arpenna
1083 346 1110 383 a·

131 403 197 467 toris
210 398 340 475 fungitur
353 398 442 468 officio.
485 402 551 459 Hoc
568 399 656 475 posito
675 398 840 471 discrimine,
860 396 894 475 ad
917 397 1002 471 ipsam
1019 399 1054 459 de
1066 418 1108 459 ar-

129 471 289 549 chitriclino
300 473 482 547 quaestionem
493 474 552 533 dari
566 475 685 549 facilem,
695 472 791 547 credo,
805 473 881 546 polle
892 472 1108 551 responsionem.
1120 521 1123 522 ν

130 546 250 629 Quodsi
261 547 354 607 enlm:
380 566 448 608 num
462 548 496 607 ad
510 550 721 627 praegustatores
731 547 897 608 'referendus
909 546 1110 608 architriclinus

130 625 181 684 sit?
190 632 339 698 quaeratur,
356 620 392 682 de
399 624 488 682 altero
498 642 711 700 eorumgenere
724 622 761 696 id,
771 623 881 698 censeo,
892 620 1110 702 adfirmandum:

134 698 172 758 de
184 702 272 756 altero
287 698 456 769 negandum.
495 704 620 769 'santum
633 698 717 773 abest,
732 708 764 758 vt
780 697 981 763 architriclinus
1001 714 1111 772 praegu-

134 772 242 832 statoris
262 771 357 830 officio
372 773 402 831 in
421 775 568 833 coenaculo
578 775 690 844 functus
706 771 908 847 srtcibumque·
919 781 952 835 et
965 771 1110 846 potionem

134 846 238 910 veneni
251 848 343 905 caussa
354 847 573 924 praegustauerit,
591 860 622 908 vt
636 868 671 907 ex
688 847 751 921 ipsis
760 848 840 922 supra
848 861 931 905 'ame
944 845 973 905 in
986 843 1110 905 medium

33 986 41 990 .,
130 920 412 995 adlatisnruaunur,
434 935 604 983 a'us'rnrau
628 935 657 988 et
673 920 1025 993 semiverbiavquibus
1038 919 1111 978 shad-

131 1020 196 1074 ngav-
210 1001 324 1054 nomen
336 996 457 1069 primum
468 997 695 1073 praegustatoris,
713 994 815 1057 deinde
830 993 1009 1054 architriclini
1021 992 1110 1067 fuisse,

131 1068 314 1144 perhibetur,
331 1070 475 1146 Vtriusque
489 1072 635 1132 discrimen
648 1073 710 1130 satis
725 1072 864 1145 superque
874 1068 1011 1142 constare,
1026 1065 1111 1126 vfirma

130 1142 286 1218 statutaque
303 1145 523 1207 sententiarnihi
536 1147 725 1222 persuadeam.
764 1144 907 1221 Quoniam
925 1153 1019 1211 autern
1034 1141 1111 1201 cibo·-

89 1238 104 1275 ,·
134 1235 198 1277 rum
214 1227 336 1288 et-potus
355 1220 506 1289 praefectus
522 1219 725 1287 architriclinus
737 1226 812 1274 erata
831 1215 962 1288 quoniam
973 1225 1115 1301 porrosat

134 1288 231 1364 omnia
242 1289 296 1348 rite
311 1294 536 1364 praepararentur
546 1300 576 1349 et
585 1289 621 1348 ad
631 1291 920 1364 palatum'p‘raeparata
937 1288 1044 1348 mensae
1057 1307 1109 1353 rm·-

70 1367 72 1369 ’
133 1367 331 1438 ponerentur,
343 1366 476 1436 curabatr
495 1364 572 1440 quod
597 1364 719 1438 denique
741 1368 844 1428 omnes
862 1362 964 1438 coqui,
977 1362 1109 1439 pistores,
1131 1398 1135 1405 ·

39 1461 41 1463 ·
55 1448 57 1452 ·
133 1437 288 1512 pincernae,
302 1437 375 1498 serui
390 1438 493 1498 avinis
506 1450 569 1505 cet,
584 1438 634 1513 ipsi
646 1449 724 1498 erant
738 1436 863 1513 subiecti,
881 1436 1118 1515 architriclinum,

132 1511 322 1587 quodcunque
341 1515 492 1572 coenaculo
504 1514 759 1588 inferratam-antea
768 1511 896 1588 gustasse,
911 1519 1038 1588 ac,fnu1n
1049 1530 1110 1571 orn-

126 1585 176 1645 ·nia
198 1586 328 1645 ciborum
338 1602 452 1661 genera
469 1587 959 1663 adssgustunfacta²s1naexplorasse,
978 1605 1036 1645 non
1052 1588 1109 1646 stne

129 1660 325 1732 probabilitate
343 1660 485 1720 adfirmari>
504 1662 617 1736 potest..
661 1664 783 1737 Tametsi
805 1661 889 1736 igitur
908 1673 1012 1737 negare
1023 1660 1109 1734 peni..

131 1744 177 1792 tus
200 1741 376 1807 nequaquam
398 1738 479 1808 volo,
504 1736 610 1795 vocari„
620 1736 842 1808 quodammodo,
856 1738 876 1792 sr
891 1735 1013 1804 culinam
1029 1735 1057 1791 et
1067 1734 1109 1802 ci·

131 1806 240 1875 borum·
261 1806 422 1877 adparatum
454 1807 631 1879 respicimus,
655 1805 881 1872 architriclinum·
898 1810 1108 1882 praegustatorem
1143 1850 1149 1854 ,

129 1881 225 1965 posse,
253 1897 347 1954 errare
364 1889 458 1939 tamen
470 1898 574 1952 xomnes
592 1880 658 1939 mihi
675 1879 821 1954 videntur,
839 1879 888 1955 qui
909 1879 1108 1942 incoenaculo

98 1999 99 2004 1
131 1954 165 2013 1d.
177 1972 278 2032 munus
297 1952 392 2013 obiisse
407 1954 640 2030 architriclinum,
661 1953 842 2029 arbitrantur,
862 1973 986 2030 eamque,
1000 1956 1031 2013 in
1046 1974 1107 2016 rem

131 2028 165 2087 ad
184 2039 313 2100 veterum
334 2028 499 2104 scriptorum
507 2032 572 2089 loca
586 2041 750 2104 prouocant,
767 2029 906 2103 inquibus
917 2029 952 2090 de
967 2030 1023 2090 hoc
1034 2049 1117 2106 praa·r
1141 2031 1143 2034 ’

128 2103 300 2181 gustatorem
313 2121 421 2177 genere
443 2104 483 2164 est
490 2105 592 2177 sermo.
630 2104 683 2162 sic
699 2122 812 2179 quoque
828 2103 868 2160 de
886 2104 1070 2175 dispensatore
1080 2107 1108 2171 st

19 2243 26 2251 x
87 2182 93 2196 ”
129 2188 286 2252 quaeratur:
306 2177 427 2237 fueritne
451 2177 534 2236 huius
552 2187 582 2245 et
595 2176 772 2236 architriclini
791 2194 892 2235 munus
910 2196 1008 2236 vnum.
1020 2176 1110 2238 idem»

128 2253 204 2383 ι(ἒῖιιεῑὲ
237 2250 300 2323 Tpari
324 2251 610 2312 modoiudicandum
622 2252 687 2325 else,
709 2263 802 2325 neque
819 2253 875 2309 stne
900 2246 992 2310 caussa
1007 2249 1115 2313 statue.¹

155 2345 192 2383 on
215 2325 332 2402 negabo,
351 2325 554 2403 fieripotuilse,
571 2336 602 2385 vt
611 2326 812 2396 architriclinus
825 2324 1015 2399 dispensatoris
1027 2327 1105 2389 simul

129 2417 249 2459 mamere
259 2399 288 2457 in
297 2420 351 2473 vna
356 2401 440 2465 domo
447 2420 456 2476 3
464 2414 511 2463 aut
516 2400 618 2461 familia
625 2402 800 2475 fungeretur3
808 2400 902 2475 reipsa
909 2412 1001 2462 tamen
1006 2402 1106 2462 vtrius-

128 2473 287 2550 queofficia
303 2473 416 2535 fuerunt
423 2478 530 2537 diuersa
547 2476 683 2553 latiusque
697 2476 777 2533 huius
785 2491 796 2548 3
814 2485 896 2550 quam
911 2476 993 2552 illius,
1008 2488 1105 2551 patue-

128 2560 193 2608 runt
205 2559 308 2624 partes,
327 2549 403 2624 quod
426 2552 567 2611 neminem
588 2551 678 2620 facile,
691 2550 786 2625 crede,
805 2563 980 2626 negaturum,
998 2553 1027 2620 si,
1041 2569 1105 2622 quae

127 2622 209 2696 supra
227 2623 263 2683 de
278 2622 518 2708 dispensatoribus,
537 2645 601 2687 curn
618 2624 670 2699 his,
689 2630 752 2701 quae
760 2624 987 2685 dearchitriclino
995 2623 1104 2701 tradidi,

125 2710 338 2772 comparauerit.
353 2765 354 2768 Ἴ
1054 2769 1056 2772 y

994 2773 1102 2837 XVIIII
1142 2779 1144 2783 ’
